@inproceedings{rust,
    author = {Matsakis, Nicholas D., and Felix S. Klock},
    title = {The Rust Language},
    booktitle = {Proceedings of the 2014 ACM SIGAda Annual Conference on High Integrity Language Technology},
    date = {December 2014},
}

@masterthesis{linux,
    author = {Linus Benedict Torvalds},
    title = {Linux: A Portable Operating System},
    school = {University of Helsinki},
    year = {1997},
}