@article{rust,
	author = {Matsakis, Nicholas D. and Klock, Felix S.},
	journal = {Proceedings of the 2014 ACM SIGAda Annual Conference on High Integrity Language Technology},
	month = {December},
	pages = {103-104},
	title = {The Rust Language},
	year = {2014}
}
@mastersthesis{linux,
	author = {Torvalds, Linus B.},
	location = {Helsinki, Finland},
	publisher = {University of Helsinki},
	school = {University of Helsinki},
	title = {Linux: A Portable Operating System},
	year = {1997}
}
